<?xml version="1.0" encoding="UTF-8"?><collection xmlns="http://www.loc.gov/MARC21/slim"><record><leader>00468nam--2200145-i-4500</leader><controlfield tag="001">000007791</controlfield><controlfield tag="002">20161230</controlfield><controlfield tag="005">20161230201027</controlfield><controlfield tag="008">060222s1000------------r-----000-0-eng-d</controlfield><datafield ind1=" " ind2=" " tag="080"><subfield code="a">661.895:614.7</subfield></datafield><datafield ind1=" " ind2=" " tag="245"><subfield code="a">Beryllium:its industrial hygiene aspects</subfield></datafield><datafield ind1=" " ind2=" " tag="260"><subfield code="a">New York ,Academic Press,1966.Xiii + 394p</subfield></datafield><datafield ind1=" " ind2=" " tag="490"><subfield code="a">American Industrial Hygiene Association And U.S.Atomic Energy Commission,Monograph Series On Indus</subfield></datafield><datafield ind1=" " ind2=" " tag="700"><subfield code="a">Stokinger, Herbert E</subfield></datafield><datafield ind1=" " ind2=" " tag="852"><subfield code="a">24795</subfield></datafield></record></collection>